Date,Sales
3/31/2012,362000
6/30/2012,385000
9/30/2012,432000
12/31/2012,341000
3/31/2013,382000
6/30/2013,409000
9/30/2013,498000
12/31/2013,387000
3/31/2014,473000
6/30/2014,513000
9/30/2014,582000
12/31/2014,474000
3/31/2015,544000
6/30/2015,582000
9/30/2015,681000
12/31/2015,557000
3/31/2016,628000
6/30/2016,707000
9/30/2016,773000
12/31/2016,592000
3/31/2017,627000
6/30/2017,725000
9/30/2017,854000
12/31/2017,661000
